@article{chiu2020,
  title={Understanding the System Dynamics of Mitochondrial Retrograde
Signaling from a Differential Equation‚Äêbased Framework},
  author={\textbf{Shao-Ting Chiu} and Tseng, Wne-Wei and Wei, An-Chi},
  journal={Nature},
  pages={1--6},
  year={2020},
  publisher={Nature Publishing Group}
}


